@String(PAMI = {IEEE Trans. Pattern Anal. Mach. Intell.})
@String(IJCV = {Int. J. Comput. Vis.})
@String(CVPR= {IEEE Conf. Comput. Vis. Pattern Recog.})
@String(ICCV= {Int. Conf. Comput. Vis.})
@String(ECCV= {Eur. Conf. Comput. Vis.})
@String(NIPS= {Adv. Neural Inform. Process. Syst.})
@String(ICPR = {Int. Conf. Pattern Recog.})
@String(BMVC= {Brit. Mach. Vis. Conf.})
@String(TOG= {ACM Trans. Graph.})
@String(TIP  = {IEEE Trans. Image Process.})
@String(TVCG  = {IEEE Trans. Vis. Comput. Graph.})
@String(TMM  = {IEEE Trans. Multimedia})
@String(ACMMM= {ACM Int. Conf. Multimedia})
@String(ICME = {Int. Conf. Multimedia and Expo})
@String(ICASSP=	{ICASSP})
@String(ICIP = {IEEE Int. Conf. Image Process.})
@String(ACCV  = {ACCV})
@String(ICLR = {Int. Conf. Learn. Represent.})
@String(IJCAI = {IJCAI})
@String(PR   = {Pattern Recognition})
@String(AAAI = {AAAI})
@String(CVPRW= {IEEE Conf. Comput. Vis. Pattern Recog. Worksh.})
@String(CSVT = {IEEE Trans. Circuit Syst. Video Technol.})

@String(SPL	= {IEEE Sign. Process. Letters})
@String(VR   = {Vis. Res.})
@String(JOV	 = {J. Vis.})
@String(TVC  = {The Vis. Comput.})
@String(JCST  = {J. Comput. Sci. Tech.})
@String(CGF  = {Comput. Graph. Forum})
@String(CVM = {Computational Visual Media})


@String(PAMI  = {IEEE TPAMI})
@String(IJCV  = {IJCV})
@String(CVPR  = {CVPR})
@String(ICCV  = {ICCV})
@String(ECCV  = {ECCV})
@String(NIPS  = {NeurIPS})
@String(ICPR  = {ICPR})
@String(BMVC  =	{BMVC})
@String(TOG   = {ACM TOG})
@String(TIP   = {IEEE TIP})
@String(TVCG  = {IEEE TVCG})
@String(TCSVT = {IEEE TCSVT})
@String(TMM   =	{IEEE TMM})
@String(ACMMM = {ACM MM})
@String(ICME  =	{ICME})
@String(ICASSP=	{ICASSP})
@String(ICIP  = {ICIP})
@String(ACCV  = {ACCV})
@String(ICLR  = {ICLR})
@String(IJCAI = {IJCAI})
@String(PR = {PR})
@String(AAAI = {AAAI})
@String(CVPRW= {CVPRW})
@String(CSVT = {IEEE TCSVT})

@article{poria2020,
    author          = {Soujanya Poria, Erik Cambria, Devamanyu Hazarika and Prateek Vij},
    title           = {A Deeper Look into Sarcastic Tweets using Deep Convolutional Neural Networks},
    journal         = {COLING},
    year            = 2016,
    note            = {arXiv:1610.08815}
}

@article{jain2019,
    author          = {Sahil Jain, Ashish Ranjan and Dipali Baviskar},
    title           = {Sarcasm Detection in Amazon Product Reviews},
    journal         = {IJCSIT},
    year            = 2018
}

@misc{yaghoobian2020,
    author          = {Hamed Yaghoobian, Hamid R. Arabnia and Khaled Rasheed},
    title           = {Sarcasm Detection: A Comparative Study},
    year            = 2021,
    note            = {arXiv:2107.02276}
}

@article{ziser2020,
    author          = {Yftah Ziser, Elad Kravi and David Carmel},
    title           = {Humor Detection in Product Question Answering Systems},
    journal         = {Amazon Science},
    year            = 2020,
    note            = {Conference: SIGIR 2020}
}

@misc{annamoradnejad2020,
    author          = {Issa Annamoradnejad and Gohar Zoghi},
    titile          = {ColBERT: Using BERT Sentence Embedding in Parallel Neural Networks for Computational Humor},
    year            = 2020,
    note            = {arXiv:2004.12765, updated Dec 2022}
}

@misc{gupta2021,
    author          = {Aishwarya Gupta, Avik Pal, Bholeshwar Khurana, Lakshay Tyagi and Ashutosh Modi},
    title           = {Humor@IITK at SemEval-2021 Task 7: Large Language Models for Quantifying Humor and Offensiveness},
    note            = {arXiv:2104.00933, accepted at SemEval 2021}
}