@String(PAMI = {IEEE Trans. Pattern Anal. Mach. Intell.})
@String(IJCV = {Int. J. Comput. Vis.})
@String(CVPR= {IEEE Conf. Comput. Vis. Pattern Recog.})
@String(ICCV= {Int. Conf. Comput. Vis.})
@String(ECCV= {Eur. Conf. Comput. Vis.})
@String(NIPS= {Adv. Neural Inform. Process. Syst.})
@String(ICPR = {Int. Conf. Pattern Recog.})
@String(BMVC= {Brit. Mach. Vis. Conf.})
@String(TOG= {ACM Trans. Graph.})
@String(TIP  = {IEEE Trans. Image Process.})
@String(TVCG  = {IEEE Trans. Vis. Comput. Graph.})
@String(TMM  = {IEEE Trans. Multimedia})
@String(ACMMM= {ACM Int. Conf. Multimedia})
@String(ICME = {Int. Conf. Multimedia and Expo})
@String(ICASSP=	{ICASSP})
@String(ICIP = {IEEE Int. Conf. Image Process.})
@String(ACCV  = {ACCV})
@String(ICLR = {Int. Conf. Learn. Represent.})
@String(IJCAI = {IJCAI})
@String(PR   = {Pattern Recognition})
@String(AAAI = {AAAI})
@String(CVPRW= {IEEE Conf. Comput. Vis. Pattern Recog. Worksh.})
@String(CSVT = {IEEE Trans. Circuit Syst. Video Technol.})

@String(SPL	= {IEEE Sign. Process. Letters})
@String(VR   = {Vis. Res.})
@String(JOV	 = {J. Vis.})
@String(TVC  = {The Vis. Comput.})
@String(JCST  = {J. Comput. Sci. Tech.})
@String(CGF  = {Comput. Graph. Forum})
@String(CVM = {Computational Visual Media})


@String(PAMI  = {IEEE TPAMI})
@String(IJCV  = {IJCV})
@String(CVPR  = {CVPR})
@String(ICCV  = {ICCV})
@String(ECCV  = {ECCV})
@String(NIPS  = {NeurIPS})
@String(ICPR  = {ICPR})
@String(BMVC  =	{BMVC})
@String(TOG   = {ACM TOG})
@String(TIP   = {IEEE TIP})
@String(TVCG  = {IEEE TVCG})
@String(TCSVT = {IEEE TCSVT})
@String(TMM   =	{IEEE TMM})
@String(ACMMM = {ACM MM})
@String(ICME  =	{ICME})
@String(ICASSP=	{ICASSP})
@String(ICIP  = {ICIP})
@String(ACCV  = {ACCV})
@String(ICLR  = {ICLR})
@String(IJCAI = {IJCAI})
@String(PR = {PR})
@String(AAAI = {AAAI})
@String(CVPRW= {CVPRW})
@String(CSVT = {IEEE TCSVT})

@String{COLING = "Int. Conf. on Computational Linguistics"}
@String{IJCSIT = "International Journal of Computer Science and Information Technologies"}
@String{SIGIR  = "Int. ACM SIGIR Conf. on Research and Development in Information Retrieval"}

@article{poria2020,
  author  = {Soujanya Poria and Erik Cambria and Devamanyu Hazarika and Prateek Vij},
  title   = {A Deeper Look into Sarcastic Tweets using Deep Convolutional Neural Networks},
  journal = COLING,
  year    = 2016,
  note    = {arXiv:1610.08815}
}

@article{jain2019,
  author  = {Sahil Jain and Ashish Ranjan and Dipali Baviskar},
  title   = {Sarcasm Detection in Amazon Product Reviews},
  journal = IJCSIT,
  year    = 2018
}

@misc{yaghoobian2020,
  author = {Hamed Yaghoobian and Hamid R. Arabnia and Khaled Rasheed},
  title  = {Sarcasm Detection: A Comparative Study},
  year   = 2021,
  note   = {arXiv:2107.02276}
}

@misc{ziser2020,
  author  = {Yftah Ziser and Elad Kravi and David Carmel},
  title   = {Humor Detection in Product Question Answering Systems},
  journal = {Amazon Science},
  year    = 2020,
  note    = {Conference: SIGIR 2020}
}

@misc{annamoradnejad2020,
  author = {Issa Annamoradnejad and Gohar Zoghi},
  title  = {ColBERT: Using BERT Sentence Embedding in Parallel Neural Networks for Computational Humor},
  year   = 2020,
  note   = {arXiv:2004.12765, updated Dec 2022}
}

@misc{gupta2021,
  author = {Aishwarya Gupta and Avik Pal and Bholeshwar Khurana and Lakshay Tyagi and Ashutosh Modi},
  title  = {Humor@IITK at SemEval-2021 Task 7: Large Language Models for Quantifying Humor and Offensiveness},
  note   = {arXiv:2104.00933, accepted at SemEval 2021}
}

@misc{mustard2022,
  author       = {{Center for Information and Language Processing (CILP)}},
  title        = {MUStARD++},
  year         = 2022,
  howpublished = {\url{https://github.com/cfiltnlp/MUStARD_Plus_Plus}},
  note         = {Accessed: Jan 15, 2022}
}

@misc{misra2019,
  author       = {Rishabh Misra},
  title        = {News-Headlines-Dataset-For-Sarcasm-Detection},
  year         = 2019,
  howpublished = {\url{https://github.com/rishabhmisra/News-Headlines-Dataset-For-Sarcasm-Detection}},
  note         = {Accessed: Jul 3, 2019}
}

@inproceedings{oraby2016,
  author    = {Shereen Oraby and Vrindavan Harrison and Lena Reed and Ernesto Hernandez and Ellen Riloff and Marilyn Walker},
  title     = {Creating and Characterizing a Diverse Corpus of Sarcasm in Dialogue},
  booktitle = {Proceedings of the 17th Annual Meeting of the Special Interest Group on Discourse and Dialogue (SIGDIAL)},
  year      = 2016,
  address   = {Los Angeles, California, USA},
  note      = {Sarcasm Corpus V2: \url{https://nlds.soe.ucsc.edu/sarcasm2}}
}

@misc{filatova2012,
  author       = {Elena Filatova},
  title        = {SarcasmAmazonReviewsCorpus},
  year         = 2012,
  howpublished = {\url{https://github.com/ef2020/SarcasmAmazonReviewsCorpus}},
  note         = {Paper: Irony and Sarcasm: Corpus Generation and Analysis Using Crowdsourcing, Proceedings of LREC 2012}
}

@misc{devlin2018bert,
  author       = {Jacob Devlin and Ming-Wei Chang and Kenton Lee and Kristina Toutanova},
  title        = {BERT: Pre-training of Deep Bidirectional Transformers for Language Understanding},
  year         = 2018,
  howpublished = {\url{https://arxiv.org/abs/1810.04805}},
  note         = {Proceedings of NAACL-HLT 2019, pages 4171--4186}
}

@misc{vaswani2017attention,
  author       = {Ashish Vaswani and Noam Shazeer and Niki Parmar and Jakob Uszkoreit and Llion Jones and Aidan N. Gomez and Lukasz Kaiser and Illia Polosukhin},
  title        = {Attention is All You Need},
  year         = 2017,
  howpublished = {\url{https://arxiv.org/abs/1706.03762}},
  note         = {Proceedings of NIPS 2017, pages 5998--6008}
}